@article{MSHT:2024tdn,
    author = "Cridge, Thomas and others",
    collaboration = "MSHT, NNPDF",
    title = "{Combination of aN$^3$LO PDFs and implications for Higgs production cross-sections at the LHC}",
    eprint = "2411.05373",
    archivePrefix = "arXiv",
    primaryClass = "hep-ph",
    reportNumber = "DESY-24-134, TIF-UNIMI-2024-17, Edinburgh 2024/9, CERN-TH-2024-167",
    month = "11",
    year = "2024"
}

@article{Pasquale:2024dkm,
    author = "Pasquale, Andrea and others",
    title = "{Qibocal: an open-source framework for calibration of self-hosted quantum devices}",
    eprint = "2410.00101",
    archivePrefix = "arXiv",
    primaryClass = "quant-ph",
    reportNumber = "TIF-UNIMI-2024-16, CERN-TH-2024-160",
    month = "9",
    year = "2024"
}

@article{Moretti:2024xel,
    author = "Moretti, R. and others",
    title = "{Transmon qubit modeling and characterization for Dark Matter search}",
    eprint = "2409.05988",
    archivePrefix = "arXiv",
    primaryClass = "quant-ph",
    month = "9",
    year = "2024"
}

@article{Barontini:2024xgu,
    author = "Barontini, Andrea and Candido, Alessandro and Hekhorn, Felix and Magni, Giacomo and Stegeman, Roy",
    title = "{An FONLL prescription with coexisting flavor number PDFs}",
    eprint = "2408.07383",
    archivePrefix = "arXiv",
    primaryClass = "hep-ph",
    reportNumber = "Nikhef-2024-014, Edinburgh 2024/5, TIF-UNIMI-2024-13",
    doi = "10.1007/JHEP10(2024)004",
    journal = "JHEP",
    volume = "10",
    pages = "004",
    year = "2024"
}

@article{Pedicillo:2024ybq,
    author = "Pedicillo, Edoardo and Candido, Alessandro and Efthymiou, Stavros and Sargsyan, Hayk and Tan, Yuanzheng Paul and Cereijo, Juan and Khoo, Jun Yong and Pasquale, Andrea and Robbiati, Matteo and Carrazza, Stefano",
    title = "{An open-source framework for quantum hardware control}",
    eprint = "2407.21737",
    archivePrefix = "arXiv",
    primaryClass = "quant-ph",
    reportNumber = "TIF-UNIMI-2024-10 CERN-TH-2024-126, CERN-TH-2024-126",
    month = "7",
    year = "2024"
}

@article{Candido:2024hjt,
    author = "Candido, Alessandro and Del Debbio, Luigi and Giani, Tommaso and Petrillo, Giacomo",
    title = "{Bayesian inference with Gaussian processes for the determination of parton distribution functions}",
    eprint = "2404.07573",
    archivePrefix = "arXiv",
    primaryClass = "hep-ph",
    doi = "10.1140/epjc/s10052-024-13100-1",
    journal = "Eur. Phys. J. C",
    volume = "84",
    number = "7",
    pages = "716",
    year = "2024"
}

@article{NNPDF:2024nan,
    author = "Ball, Richard D. and others",
    collaboration = "NNPDF",
    title = "{The path to $\hbox {N}^3\hbox {LO}$ parton distributions}",
    eprint = "2402.18635",
    archivePrefix = "arXiv",
    primaryClass = "hep-ph",
    reportNumber = "Nikhef-2023-020, TIF-UNIMI-2023-23, Edinburgh 2023/29",
    doi = "10.1140/epjc/s10052-024-12891-7",
    journal = "Eur. Phys. J. C",
    volume = "84",
    number = "7",
    pages = "659",
    year = "2024"
}

@article{Candido:2024rkr,
    author = "Candido, Alessandro and Hekhorn, Felix and Magni, Giacomo and Rabemananjara, Tanjona R. and Stegeman, Roy",
    title = "{Yadism: yet another deep-inelastic scattering module}",
    eprint = "2401.15187",
    archivePrefix = "arXiv",
    primaryClass = "hep-ph",
    reportNumber = "CERN-TH-2024-015, Edinburgh 2024/4, Nikhef-2024-002",
    doi = "10.1140/epjc/s10052-024-12972-7",
    journal = "Eur. Phys. J. C",
    volume = "84",
    number = "7",
    pages = "698",
    year = "2024"
}

@article{NNPDF:2024dpb,
    author = "Ball, Richard D. and others",
    collaboration = "NNPDF",
    title = "{Determination of the theory uncertainties from missing higher orders on NNLO parton distributions with percent accuracy}",
    eprint = "2401.10319",
    archivePrefix = "arXiv",
    primaryClass = "hep-ph",
    reportNumber = "TIF-UNIMI-2023-22, Edinburgh 2023/34, CERN-TH-2024-009",
    doi = "10.1140/epjc/s10052-024-12772-z",
    journal = "Eur. Phys. J. C",
    volume = "84",
    number = "5",
    pages = "517",
    year = "2024"
}

@article{NNPDF:2024djq,
    author = "Ball, Richard D. and others",
    collaboration = "NNPDF",
    title = "{Photons in the proton: implications for the LHC}",
    eprint = "2401.08749",
    archivePrefix = "arXiv",
    primaryClass = "hep-ph",
    reportNumber = "TIF-UNIMI-2023-17, Edinburgh 2023/19, CERN-TH-2023-159",
    doi = "10.1140/epjc/s10052-024-12731-8",
    journal = "Eur. Phys. J. C",
    volume = "84",
    number = "5",
    pages = "540",
    year = "2024"
}

@article{NNPDF:2023tyk,
    author = "Ball, Richard D. and Candido, Alessandro and Cruz-Martinez, Juan and Forte, Stefano and Giani, Tommaso and Hekhorn, Felix and Magni, Giacomo and Nocera, Emanuele R. and Rojo, Juan and Stegeman, Roy",
    collaboration = "NNPDF",
    title = "{Intrinsic charm quark valence distribution of the proton}",
    eprint = "2311.00743",
    archivePrefix = "arXiv",
    primaryClass = "hep-ph",
    reportNumber = "Edinburgh 2023/22, TIF-UNIMI-2023-28, Nikhef 2023-012,
  CERN-TH-2023-196",
    doi = "10.1103/PhysRevD.109.L091501",
    journal = "Phys. Rev. D",
    volume = "109",
    number = "9",
    pages = "L091501",
    year = "2024"
}

@article{Carobene:2023ait,
    author = "Carobene, Rodolfo and Candido, Alessandro and Serrano, Javier and Orgaz-Fuertes, Alvaro and Giachero, Andrea and Carrazza, Stefano",
    title = "{Qibosoq: an open-source framework for quantum circuit RFSoC programming}",
    eprint = "2310.05851",
    archivePrefix = "arXiv",
    primaryClass = "quant-ph",
    reportNumber = "TIF-UNIMI-2023-18, CERN-TH-2023-180",
    month = "10",
    year = "2023"
}

@article{Efthymiou:2023att,
    author = "Efthymiou, Stavros and others",
    title = "{Qibolab: an open-source hybrid quantum operating system}",
    eprint = "2308.06313",
    archivePrefix = "arXiv",
    primaryClass = "quant-ph",
    reportNumber = "TIF-UNIMI-2023-14, CERN-TH-2023-142",
    doi = "10.22331/q-2024-02-12-1247",
    journal = "Quantum",
    volume = "8",
    pages = "1247",
    year = "2024"
}

@article{Candido:2023ujx,
    author = "Candido, Alessandro and Forte, Stefano and Giani, Tommaso and Hekhorn, Felix",
    title = "{On the positivity of $\overline{\textrm{MS}}$ parton distributions}",
    eprint = "2308.00025",
    archivePrefix = "arXiv",
    primaryClass = "hep-ph",
    reportNumber = "TIF-UNIMI-2023-21",
    doi = "10.1140/epjc/s10052-024-12681-1",
    journal = "Eur. Phys. J. C",
    volume = "84",
    number = "3",
    pages = "335",
    year = "2024"
}

@inproceedings{Barontini:2023lle,
    author = "Barontini, Andrea and Candido, Alessandro and Cruz-Martinez, Juan M. and Hekhorn, Felix and Schwan, Christopher",
    title = "{Theory prediction in PDF fitting}",
    booktitle = "{21th International Workshop on Advanced Computing and Analysis Techniques in Physics Research}: {AI meets Reality}",
    eprint = "2303.07119",
    archivePrefix = "arXiv",
    primaryClass = "hep-ph",
    month = "3",
    year = "2023"
}

@article{Barontini:2023vmr,
    author = "Barontini, Andrea and Candido, Alessandro and Cruz-Martinez, Juan M. and Hekhorn, Felix and Schwan, Christopher",
    title = "{Pineline: Industrialization of high-energy theory predictions}",
    eprint = "2302.12124",
    archivePrefix = "arXiv",
    primaryClass = "hep-ph",
    reportNumber = "TIF-UNIMI-2023-4, CERN-TH-2023-021",
    doi = "10.1016/j.cpc.2023.109061",
    journal = "Comput. Phys. Commun.",
    volume = "297",
    pages = "109061",
    year = "2024"
}

@article{Candido:2023utz,
    author = "Candido, Alessandro and Garcia, Alfonso and Magni, Giacomo and Rabemananjara, Tanjona and Rojo, Juan and Stegeman, Roy",
    title = "{Neutrino Structure Functions from GeV to EeV Energies}",
    eprint = "2302.08527",
    archivePrefix = "arXiv",
    primaryClass = "hep-ph",
    reportNumber = "Nikhef 2022-014, Edinburgh 2022/27, TIF-UNIMI-2023-5",
    doi = "10.1007/JHEP05(2023)149",
    journal = "JHEP",
    volume = "05",
    pages = "149",
    year = "2023"
}

@article{Candido:2023nnb,
    author = "Candido, Alessandro and Del Debbio, Luigi and Giani, Tommaso and Petrillo, Giacomo",
    title = "{Inverse Problems in PDF determinations}",
    eprint = "2302.14731",
    archivePrefix = "arXiv",
    primaryClass = "hep-lat",
    doi = "10.22323/1.430.0098",
    journal = "PoS",
    volume = "LATTICE2022",
    pages = "098",
    year = "2023"
}

@phdthesis{Candido:2023hcr,
    author = "Candido, A.",
    title = "{Theory Predictions for PDF Fitting}",
    school = "Milan U.",
    year = "2023"
}

@article{Barontini:2022jci,
    author = "Barontini, Andrea and Candido, Alessandro and Cruz-Martinez, Juan and Hekhorn, Felix and Schwan, Christopher and Magni, Giacomo",
    title = "{Theory pipeline for PDF fitting}",
    eprint = "2211.10447",
    archivePrefix = "arXiv",
    primaryClass = "hep-ph",
    doi = "10.22323/1.414.0784",
    journal = "PoS",
    volume = "ICHEP2022",
    pages = "784",
    year = "2022"
}

@article{Ball:2022qtp,
    author = "Ball, Richard D. and Candido, Alessandro and Forte, Stefano and Hekhorn, Felix and Nocera, Emanuele R. and Rojo, Juan and Schwan, Christopher",
    title = "{Parton distributions and new physics searches: the Drell\textendash{}Yan forward\textendash{}backward asymmetry as a case study}",
    eprint = "2209.08115",
    archivePrefix = "arXiv",
    primaryClass = "hep-ph",
    reportNumber = "Edinburgh 2022/14, Nikhef-2022-013, TIF-UNIMI-2022-13",
    doi = "10.1140/epjc/s10052-022-11133-y",
    journal = "Eur. Phys. J. C",
    volume = "82",
    number = "12",
    pages = "1160",
    year = "2022"
}

@article{Ball:2022qks,
    author = "Ball, Richard D. and Candido, Alessandro and Cruz-Martinez, Juan and Forte, Stefano and Giani, Tommaso and Hekhorn, Felix and Kudashkin, Kirill and Magni, Giacomo and Rojo, Juan",
    collaboration = "NNPDF",
    title = "{Evidence for intrinsic charm quarks in the proton}",
    eprint = "2208.08372",
    archivePrefix = "arXiv",
    primaryClass = "hep-ph",
    reportNumber = "Nikhef 2021-032, Edinburgh 2021/28, TIF-UNIMI-2021-21",
    doi = "10.1038/s41586-022-04998-2",
    journal = "Nature",
    volume = "608",
    number = "7923",
    pages = "483--487",
    year = "2022"
}

@article{Amoroso:2022eow,
    author = "Amoroso, S. and others",
    title = "{Snowmass 2021 Whitepaper: Proton Structure at the Precision Frontier}",
    eprint = "2203.13923",
    archivePrefix = "arXiv",
    primaryClass = "hep-ph",
    reportNumber = "Edinburgh 2022/08, FERMILAB-PUB-22-222-QIS-SCD-T, MPP-2022-32,
  SLAC-PUB-17652, SMU-HEP-22-02, TIF-UNIMI-2022-6",
    doi = "10.5506/APhysPolB.53.12-A1",
    journal = "Acta Phys. Polon. B",
    volume = "53",
    number = "12",
    pages = "12-A1",
    year = "2022"
}

@article{Candido:2022tld,
    author = "Candido, Alessandro and Hekhorn, Felix and Magni, Giacomo",
    title = "{EKO: evolution kernel operators}",
    eprint = "2202.02338",
    archivePrefix = "arXiv",
    primaryClass = "hep-ph",
    reportNumber = "TIF-UNIMI-2022-2, Nikhef-2022-003",
    doi = "10.1140/epjc/s10052-022-10878-w",
    journal = "Eur. Phys. J. C",
    volume = "82",
    number = "10",
    pages = "976",
    year = "2022"
}

@article{Clemente:2021okd,
    author = "Clemente, Giuseppe and Candido, Alessandro and D'Elia, Massimo and Rottoli, Federico",
    title = "{Coupling Yang--Mills with Causal Dynamical Triangulations}",
    eprint = "2112.03157",
    archivePrefix = "arXiv",
    primaryClass = "hep-lat",
    doi = "10.22323/1.396.0254",
    journal = "PoS",
    volume = "LATTICE2021",
    pages = "254",
    year = "2022"
}

@article{Candido:2021zcp,
    author = "Candido, Alessandro and Forte, Stefano and Hekhorn, Felix",
    title = "{Can $\overline{MS}$ parton distributions be negative?}",
    eprint = "2108.10774",
    archivePrefix = "arXiv",
    primaryClass = "hep-ph",
    doi = "10.21468/SciPostPhysProc.8.077",
    journal = "SciPost Phys. Proc.",
    volume = "8",
    pages = "077",
    year = "2022"
}

@article{Candido:2020ybd,
    author = "Candido, Alessandro and Clemente, Giuseppe and D'Elia, Massimo and Rottoli, Federico",
    title = "{Compact gauge fields on Causal Dynamical Triangulations: a 2D case study}",
    eprint = "2010.15714",
    archivePrefix = "arXiv",
    primaryClass = "hep-lat",
    doi = "10.1007/JHEP04(2021)184",
    journal = "JHEP",
    volume = "04",
    pages = "184",
    year = "2021"
}

@article{Candido:2020yat,
    author = "Candido, Alessandro and Forte, Stefano and Hekhorn, Felix",
    title = "{Can $ \overline{\mathrm{MS}} $ parton distributions be negative?}",
    eprint = "2006.07377",
    archivePrefix = "arXiv",
    primaryClass = "hep-ph",
    reportNumber = "TIF-UNIMI-2020-9",
    doi = "10.1007/JHEP11(2020)129",
    journal = "JHEP",
    volume = "11",
    pages = "129",
    year = "2020"
}
